@book{num_rec,
author={Press, William H},
title={Numerical recipes in C},
place={Cambridge [Cambridgeshire]},
publisher={Cambridge University Press},
year={1988}
}
@article{PhysRev,
  title = {Nuclear Spins and Magnetic Moments of ${\mathrm{Rb}}^{85}$ and ${\mathrm{Rb}}^{87}$},
  author = {Millman, S. and Fox, M.},
  journal = {Phys. Rev.},
  volume = {50},
  issue = {3},
  pages = {220--225},
  numpages = {0},
  year = {1936},
  month = {Aug},
  publisher = {American Physical Society},
  doi = {10.1103/PhysRev.50.220},
  url = {http://link.aps.org/doi/10.1103/PhysRev.50.220}
}
@article{opt,
  title = {Optical Pumping},
  author = {Thomas R. Carver},
  journal = {Science},
  year={1963}
}
@article{wiki_hyperfine,
journal={Wikipedia},
year={2016},
title={Hyperfine Structure}
}
@article{opt2,
journal={Wikipedia},
title={Optical Pumping},
year={2016}
}

@misc{Paschotta,
author={Paschotta},
title={Encyclopedia of Laser Physics and Technology - optical pumping, pump light, laser crystal, optically pumped lasers, pump absorption, in-band pumping},
url={https://www.rp-photonics.com/optical_pumping.html},
urldate={2016-3-13},
journal={Rp-photonics.com},
year={2016}
}