@misc{linear_fit,
author={Mathworks},
title={Linear Regression - MATLAB and Simulink},
urldate={2016-2-12},
year={2016}
}

@misc{atp,
author={Philips, Ron},
title={How much energy is released in ATP hydrolysis?},
url={http://book.bionumbers.org/how-much-energy-is-released-in-atp-hydrolysis/},
urldate={2016-2-10},
journal={Book.bionumbers.org},
year={2016}
},

@misc{size,
author={Brewer et al.},
title={Vesicle size influences the trafficking, processing, and presentation of antigens in lipid vesicles.  - PubMed - NCBI},
url={http://www.ncbi.nlm.nih.gov/pubmed/15528351},
urldate={2016-2-10},
journal={Ncbi.nlm.nih.gov},
year={2014}
},

@misc{stoke,
author={School Physics},
title={Stokes' law and terminal velocity},
urldate={2016-2-10},
year={2016}
}
@misc{chi,
author={Silva, Rodrigo and profile, View},
title={AstroPython Blog: Computing the chi-squared and reduced chi-squared of a model},
urldate={2016-2-5},
journal={Astropython.blogspot.com},
year={2012}
},

@misc{wiki_markov,
author={Wikipedia,},
title={Markov property},
urldate={2016-2-7},
year={2016}
},

@misc{grier,
author={Grier, David},
title={Diffusion Coefficients},
urldate={2016-2-7},
journal={physics.nyu.edu},
year={1996}
},

@article{einstein_langevin,
volume={65},
urldate={2016-2-7},
number={11},
journal={American Association of Physics Teachers},
year={1997},
pages={1079-1081}
}
@misc{Philipse,
author={Philipse, A.P.},
urldate={2016-2-5},
journal={Notes on Brownian Motion},
year={2016}
}
@book{einstein_1905,
author={Einstein, Albert},
publisher={Dover},
title={Investigations on the theory of Brownian movement},
urldate={2016-1-31},
year={1905}
}
@misc{math,
author={Kyle Siegrist},
title={Standard Brownian Motion},
url={http://www.math.uah.edu/stat/brown/Standard.html},
urldate={2016-1-31},
year={2016}
},

@article{newburgh,
author={Newburgh, Ronald and Peidle, Joseph and Rueckner, Wolfgang},
title={Einstein, Perrin, and the reality of atoms: 1905 revisited},
volume={74},
urldate={2016-1-31},
number={6},
journal={American Association of Physics Teachers},
year={2013},
pages={478-481}
}

@misc{kohler,
author={Davidson, Michael},
title={ZEISS Microscopy Online Campus Microscopy Basics  Kohler Illumination},
url={http://zeiss-campus.magnet.fsu.edu/articles/basics/kohler.html},
urldate={2016-1-29},
year={2015},
journal={Zeiss-campus.magnet.fsu.edu}
}
@misc{wiki_kohler,
author={Wikipedia},
title={Kohler illumination},
year={2015},
urldate={2016-1-29}
}