@book{num_rec,
author={Press, William H},
title={Numerical recipes in C},
place={Cambridge [Cambridgeshire]},
publisher={Cambridge University Press},
year={1988}
}
@article{PhysRev,
  title = {Nuclear Spins and Magnetic Moments of ${\mathrm{Rb}}^{85}$ and ${\mathrm{Rb}}^{87}$},
  author = {Millman, S. and Fox, M.},
  journal = {Phys. Rev.},
  volume = {50},
  issue = {3},
  pages = {220--225},
  numpages = {0},
  year = {1936},
  month = {Aug},
  publisher = {American Physical Society},
  doi = {10.1103/PhysRev.50.220},
  url = {http://link.aps.org/doi/10.1103/PhysRev.50.220}
}
@misc{wiki_hyperfine,
author={Wikipedia,},
title={Hyperfine Structure},
urldate={2016-2-7},
year={2016}
}