@misc{kohler,
author={Davidson, Michael},
title={ZEISS Microscopy Online Campus | Microscopy Basics | Kohler Illumination},
url={http://zeiss-campus.magnet.fsu.edu/articles/basics/kohler.html},
urldate={2016-1-29},
journal={Zeiss-campus.magnet.fsu.edu}
}