@misc{1_earth's magnetic field_2016,
url={https://en.wikipedia.org/wiki/Earth\%27s_magnetic_field},
urldate={2016-5-4},
title={Earth's Magnetic Field},
journal={Wikipedia},
year={2016}
},
@misc{plasma_param,
url={https://en.wikipedia.org/wiki/Plasma_parameters},
title={Plasma Parameter},
urldate={2016-5-4},
journal={Wikipedia},
year={2016}
},


@misc{maxwell,
title={Boltzman Distribution},
urldate={2016-5-4},
journal={Wikipedia},
year={2016}
},
@misc{2_magnetometer_2016,
url={https://en.wikipedia.org/wiki/Magnetometer\#Hall_effect_magnetometer},
title={Magnetometer},
urldate={2016-5-4},
journal={Wikipedia},
year={2016}
},

@misc{3_sethna_1994,
author={Sethna, Jim},
title={What's Hysteresis?},
url={http://www.lassp.cornell.edu/sethna/hysteresis/WhatIsHysteresis.html},
urldate={2016-5-4},
journal={Cornell Laboratory of Solid-State Physics},
year={1994}
},

@article{4_hall effect in plasma_1981,
volume={49},
url={http://physics111.lib.berkeley.edu/Physics111/Reprints/HAL/Kunkel_HAL.pdf},
urldate={2016-5-4},
number={8},
journal={American Association of Physics Teachers},
year={1981},
pages={733-738}
},

@book{5_franklin_1976,
author={Franklin, Raoul},
title={Plasma Phenomena in Gas Discharges},
year={1976}
}